@online{website16,
author = {Schneider, Thomas},
title = {Vorlesung Beschreibungslogik},
month = jul,
year = {2016},
url = {http://www.informatik.uni-bremen.de/tdki/lehre/ss16/bl/},
urldate = {2016-12-04}
}

@online{website17,
author = {Schneider, Thomas},
title = {Vorlesung Beschreibungslogik},
month = apr,
year = {2017},
url = {http://www.informatik.uni-bremen.de/tdki/lehre/ss17/bl/},
urldate = {2017-04-28}
}


@incollection{nardi07,
    author = {{Nardi, Daniele}, {Brachman, Ronald J.}},
    title = {An Introduction to Description Logics},
    booktitle = {Description Logic Handbook},
    year = {2007},
    pages = {1-42}
}


@book{handbook,
    author = {Baader, Franz and Calvanese, Diego and McGuinness, Deborah L. and Nardi, Daniele and Patel-Schneider, Peter F.},
    title = {The Description Logic Handbook: Theory, Implementation and Applications; 2nd ed.},
    publisher = "Cambridge University Press",
    address = "Cambridge",
    year = "2007"
}

@article{baader2001,
  title={An overview of tableau algorithms for description logics},
  author={Baader, Franz and Sattler, Ulrike},
  journal={Studia Logica},
  volume={69},
  number={1},
  pages={5--40},
  year={2001},
  publisher={Springer}
}

@article{brachman1977,
  title={What's in a concept: structural foundations for semantic networks},
  author={Brachman, Ronald J},
  journal={International journal of man-machine studies},
  volume={9},
  number={2},
  pages={127--152},
  year={1977},
}

@article{brachman1985,
  title={An overview of the KL-ONE knowledge representation system},
  author={Brachman, Ronald J and Schmolze, James G},
  journal={Cognitive science},
  volume={9},
  number={2},
  pages={171--216},
  year={1985},
}
